%Este trabalho está licenciado sob a Licença Creative Commons Atribuição-CompartilhaIgual 3.0 Não Adaptada. Para ver uma cópia desta licença, visite http://creativecommons.org/licenses/by-sa/3.0/ ou envie uma carta para Creative Commons, PO Box 1866, Mountain View, CA 94042, USA.


@Book{Rudin,
  	author = {Rudin, Walter},
	title = {Principles of Mathematical Analysis},
	publisher = {McGraw-Hill},
	year = {1976},
	address = {Singapore},
	edition = {3rd Edition}
}


@book{DEMAILLY,
   author  = {Demailly, J. P.},
   TITLE   = {Analyse Numérique et Équations Differentielles} ,
		edition={Nouvelle Édition},
   publisher = {EDP Sciences},
   YEAR = {2006},
   address = {Grenoble}
}

@Misc{Wales,
  author = 	 {Wales, J.},
  title = 	 {Wikipedia {F}ounder {J}immy {W}ales {R}esponds},
  publisher	={Slashdot},
  Year =	{2004}
}

@Misc{Green,
  author = 	 {Green, C.},
  title = 	 {Recursos educacionais precisam ter licen\c{c}a aberta},
  publisher	={Nações Unidas},
  Year =	{2017}
}

@Misc{Lessig,
  author = 	 {Lessig, L.},
  title = 	 {Free Culture: How Big Media Uses Technology and the Law to Lock Down Culture and Control Creativity},
  publisher	={Penguin Books},
  Year =	{2004}
}

